<?xml version="1.0" encoding="UTF-8"?><collection xmlns="http://www.loc.gov/MARC21/slim"><record><leader>00461nam--2200169-u-4500</leader><controlfield tag="001">000051731</controlfield><controlfield tag="002">20161230</controlfield><controlfield tag="005">20170115232640</controlfield><controlfield tag="008">080917s1000------------r-----000-0-eng-d</controlfield><datafield ind1=" " ind2=" " tag="040"><subfield code="a">IFIN-HH</subfield></datafield><datafield ind1=" " ind2=" " tag="080"><subfield code="a">517.564.4</subfield></datafield><datafield ind1="1" ind2=" " tag="100"><subfield code="a">Stratton, J. A</subfield></datafield><datafield ind1="1" ind2="0" tag="245"><subfield code="a">Spheroidal Wave Functions. Including Tables of Separation Constants and Coefficients</subfield></datafield><datafield ind1=" " ind2=" " tag="260"><subfield code="a">London</subfield><subfield code="b">John Wiley</subfield><subfield code="c">1956</subfield></datafield><datafield ind1=" " ind2=" " tag="300"><subfield code="a">613 p</subfield></datafield><datafield ind1=" " ind2=" " tag="852"><subfield code="a">12031</subfield><subfield code="c">517.7</subfield></datafield><datafield ind1=" " ind2=" " tag="CAT"><subfield code="a">SYS</subfield><subfield code="c">20170115</subfield><subfield code="h">232640</subfield></datafield></record></collection>